@misc{Intro,
 author = "None",
 title = "Project",
 year = "2004",
 howpublished = {\url{ http://cryptowiki.net/index.php?title=Classical_cryptography:_experience_and_lessons}},
 note = "[Online; accessed 5-May-2017]"
}
@misc{His,
 author = "Wikipedia",
 title = "Plagiarism --- {W}ikipedia{,} The Free Encyclopedia",
 year = "2004",
 howpublished = {\url{ https://kl2217.wordpress.com/2010/11/23/cipher-types/}},
 note = "[Online; accessed 5-May-2017]"
}

@misc{back,
 author = "Wikipedia",
 title = "Plagiarism --- {W}ikipedia{,} The Free Encyclopedia",
 year = "2004",
 howpublished = {\url{ http:https://www.mathsisfun.com/combinatorics/combinations-permutations.html}},
 note = "[Online; accessed 5-May-2017]"
}
@misc{back2,
 author = "Wikipedia",
 title = "Plagiarism --- {W}ikipedia{,} The Free Encyclopedia",
 year = "2004",
 howpublished = {\url{  http://www.xcprod.com/titan/XCSB-DOC/binary_xor.html}},
 note = "[Online; accessed 5-May-2017]"
}

@misc{source1,
 author = "Wikipedia",
 title = "Images from google",
 year = "2004",
 howpublished = {\url{https://www.tutorialspoint.com/cryptography/images/round_function.jpg}},
 note = "[Online; accessed 5-May-2017]"
}
@misc{source2,
 author = "Wikipedia",
 title = "Images from google",
 year = "2004",
 howpublished = {\url{http://www.iusmentis.com/technology/encryption/des/des.gif}},
 note = "[Online; accessed 5-May-2017]"
}
@misc{source4,
 author = "Wikipedia",
 title = "Images from google",
 year = "2004",
 howpublished = {\url{http://flylib.com/books/3/190/1/html/2/images/03tab03.jpg}},
 note = "[Online; accessed 5-May-2017]"
}