 @misc{fig_1,
   title = "Clustering Introduction figure",
   year = "2004",
   url = "https://en.wikipedia.org/w/index.php?title=Plagiarism&oldid=5139350",
   howpublished = {\url{http://home.deib.polimi.it/matteucc/Clustering/tutorial_html/}},
   note = "[Online; accessed 22-July-2004]"
 }
 @misc{fig_2,
   title = "Agglomerative figure",
   year = "2004",
   url = "https://en.wikipedia.org/w/index.php?title=Plagiarism&oldid=5139350",
   howpublished = {\url{http://www2.cs.uregina.ca/~dbd/cs831/notes/clustering/clustering.html}},
   note = "[Online; accessed 22-July-2004]"
 }
  @misc{wiki_his,
   author = "Wikipedia",
   title = "K-means clustering history",
   year = "2004",
   url = "https://en.wikipedia.org/w/index.php?title=Plagiarism&oldid=5139350",
   howpublished = {\url{https://en.wikipedia.org/wiki/K-means_clustering#History}},
   note = "[Online; accessed 22-July-2004]"
 }
 @misc{fig_3,
   title = "K-means figure",
   year = "2004",
   url = "https://en.wikipedia.org/w/index.php?title=Plagiarism&oldid=5139350",
   howpublished = {\url{http://www.learnbymarketing.com/methods/k-means-clustering/}},
   note = "[Online; accessed 22-July-2004]"
 }

 