
@bmisc{History,
	title = "History of encryption",
	year = "2001",
	howpublished = "SaNS Institute InfoSec",
} 

@misc{source,
 author = "None",
 title = "Project",
 year = "2004",
 howpublished = {\url{http://page.math.tu-berlin.de/~kant/teaching/hess/krypto-ws2006/des.html}},
 note = "[Online; accessed 5-May-2017]"
}